<record><leader>00000cas a2200000 a 4500</leader><controlfield tag="001">34904190</controlfield><controlfield tag="008">960610c18869999miuwr ne      0    0eng c</controlfield><datafield ind1=" " ind2=" " tag="010"><subfield code="a">sn 96076691 </subfield></datafield><datafield ind1=" " ind2=" " tag="040"><subfield code="a">MHN</subfield><subfield code="b">eng</subfield><subfield code="c">MHN</subfield><subfield code="d">OCL</subfield><subfield code="d">OCLCQ</subfield><subfield code="d">OCLCF</subfield><subfield code="d">OCLCO</subfield></datafield><datafield ind1="1" ind2=" " tag="029"><subfield code="a">AU@</subfield><subfield code="b">000012570458</subfield></datafield><datafield ind1=" " ind2=" " tag="042"><subfield code="a">pcc</subfield></datafield><datafield ind1=" " ind2=" " tag="043"><subfield code="a">n-us-mi</subfield></datafield><datafield ind1="0" ind2=" " tag="130"><subfield code="a">Bronson journal (Bronson, Mich. : 1886)</subfield></datafield><datafield ind1="1" ind2="0" tag="245"><subfield code="a">Bronson journal.</subfield></datafield><datafield ind1=" " ind2=" " tag="260"><subfield code="a">Bronson, Mich. :</subfield><subfield code="b">C.W. Owen</subfield></datafield><datafield ind1=" " ind2=" " tag="300"><subfield code="a">v.</subfield></datafield><datafield ind1=" " ind2=" " tag="310"><subfield code="a">Weekly</subfield></datafield><datafield ind1="0" ind2=" " tag="362"><subfield code="a">Vol. 6, no. 20 (Sept. 24, 1886)-</subfield></datafield><datafield ind1=" " ind2="0" tag="651"><subfield code="a">Bronson (Mich.)</subfield><subfield code="v">Newspapers.</subfield></datafield><datafield ind1=" " ind2="0" tag="651"><subfield code="a">Branch County (Mich.)</subfield><subfield code="v">Newspapers.</subfield></datafield><datafield ind1=" " ind2="7" tag="655"><subfield code="a">Newspapers.</subfield><subfield code="2">fast</subfield><subfield code="0">(OCoLC)fst01423814</subfield></datafield><datafield ind1=" " ind2="7" tag="651"><subfield code="a">Michigan</subfield><subfield code="z">Branch County.</subfield><subfield code="2">fast</subfield><subfield code="0">(OCoLC)fst01214762</subfield></datafield><datafield ind1=" " ind2="7" tag="651"><subfield code="a">Michigan</subfield><subfield code="z">Bronson.</subfield><subfield code="2">fast</subfield><subfield code="0">(OCoLC)fst01209810</subfield></datafield><datafield ind1=" " ind2=" " tag="752"><subfield code="a">United States</subfield><subfield code="b">Michigan</subfield><subfield code="c">Branch</subfield><subfield code="d">Bronson.</subfield></datafield><datafield ind1="0" ind2="0" tag="780"><subfield code="t">Independent=journal (Bronson, Mich.)</subfield><subfield code="w">(DLC)sn 96076690</subfield><subfield code="w">(OCoLC)34904134</subfield></datafield><datafield ind1="0" ind2="5" tag="780"><subfield code="t">Branch County Democrat</subfield><subfield code="w">(DLC)sn9607076692</subfield><subfield code="w">(OCoLC)34904236</subfield></datafield></record>